<record><leader>00000cas a2200000 a 4500</leader><controlfield tag="001">12442490</controlfield><controlfield tag="008">850830d18871889ksuwr ne      0    0eng d</controlfield><datafield ind1=" " ind2=" " tag="010"><subfield code="a">sn 85031910 </subfield></datafield><datafield ind1=" " ind2=" " tag="040"><subfield code="a">KSH</subfield><subfield code="b">eng</subfield><subfield code="c">KSH</subfield><subfield code="d">NPT</subfield><subfield code="d">OCL</subfield><subfield code="d">OCLCQ</subfield></datafield><datafield ind1=" " ind2=" " tag="042"><subfield code="a">msc</subfield></datafield><datafield ind1="0" ind2=" " tag="130"><subfield code="a">Riley times (Riley, Kan.)</subfield></datafield><datafield ind1="1" ind2="4" tag="245"><subfield code="a">The Riley times.</subfield></datafield><datafield ind1=" " ind2=" " tag="260"><subfield code="a">Riley, Kan. :</subfield><subfield code="b">B.W. Curtis,</subfield><subfield code="c">1887-1889.</subfield></datafield><datafield ind1=" " ind2=" " tag="300"><subfield code="a">2 v. ;</subfield><subfield code="c">60 cm.</subfield></datafield><datafield ind1=" " ind2=" " tag="310"><subfield code="a">Weekly</subfield></datafield><datafield ind1="0" ind2=" " tag="362"><subfield code="a">Vol. 1, no. 1 (Nov. 11, 1887)-v. 2, no. 98 (Sept. 20, 1889).</subfield></datafield><datafield ind1=" " ind2=" " tag="500"><subfield code="a">Published by: Curtis &amp; McDonald, June 8-Aug. 24, 1888; McDonald &amp; McDonald, Aug. 31-Dec. 6, 1888; D. Atkins, Dec. 13, 1888-Sept. 20, 1889.</subfield></datafield><datafield ind1=" " ind2=" " tag="500"><subfield code="a">"Republican."</subfield></datafield><datafield ind1=" " ind2=" " tag="752"><subfield code="a">United States</subfield><subfield code="b">Kansas</subfield><subfield code="c">Riley</subfield><subfield code="d">Riley.</subfield></datafield><datafield ind1="0" ind2="4" tag="785"><subfield code="t">Riley regent</subfield><subfield code="w">(DLC)sn 85031911</subfield></datafield><datafield ind1="1" ind2=" " tag="029"><subfield code="a">AU@</subfield><subfield code="b">000022164791</subfield></datafield></record>